@INPROCEEDINGS{6814039, 
author={C. A. Ardagna and R. Asal and E. Damiani and Q. H. Vu}, 
booktitle={2014 6th International Conference on New Technologies, Mobility and Security (NTMS)}, 
title={On the Management of Cloud Non-Functional Properties: The Cloud Transparency Toolkit}, 
year={2014}, 
pages={1-4}, 
keywords={cloud computing;cloud computing paradigm;cloud nonfunctional properties management;cloud transparency;cloud transparency toolkit;hardware assets;nonfunctional property verification;pay-per-use price model;software assets;subscription model;Actuators;Cloud computing;Clouds;Monitoring;Probes;Scalability;Security}, 
doi={10.1109/NTMS.2014.6814039}, 
ISSN={2157-4952}, 
month={March},}


@article{Ardagna:2015:SAC:2808687.2767005,
 author = {Ardagna, Claudio A. and Asal, Rasool and Damiani, Ernesto and Vu, Quang Hieu},
 title = {From Security to Assurance in the Cloud: A Survey},
 journal = {ACM Comput. Surv.},
 issue_date = {September 2015},
 volume = {48},
 number = {1},
 month = jul,
 year = {2015},
 issn = {0360-0300},
 pages = {2:1--2:50},
 articleno = {2},
 numpages = {50},
 url = {http://doi.acm.org/10.1145/2767005},
 doi = {10.1145/2767005},
 acmid = {2767005},
 publisher = {ACM},
 address = {New York, NY, USA},
 keywords = {Assurance, cloud computing, security, survey, transparency},
} 

@book{goertzel2007software,
  title={Software Security Assurance: A State-of-the Art Report (SOAR)},
  author={Goertzel, K.M. and Winograd, T. and McKinley, H.L. and Oh, L.J. and Colon, M. and McGibbon, T. and Fedchak, E. and Vienneau, R. and Information Assurance Technology Analysis Center (IATAC) and Data and Analysis Center for Sofware (DACS) and others},
  url={https://books.google.it/books?id=xxHPMgEACAAJ},
  year={2007},
  publisher={Information Assurance Technology Analysis Center}
}


@inproceedings{Bugiel:2011:AES:2046707.2046753,
 author = {Bugiel, Sven and N\"{u}rnberger, Stefan and P\"{o}ppelmann, Thomas and Sadeghi, Ahmad-Reza and Schneider, Thomas},
 title = {AmazonIA: When Elasticity Snaps Back},
 booktitle = {Proceedings of the 18th ACM Conference on Computer and Communications Security},
 series = {CCS '11},
 year = {2011},
 isbn = {978-1-4503-0948-6},
 location = {Chicago, Illinois, USA},
 pages = {389--400},
 numpages = {12},
 url = {http://doi.acm.org/10.1145/2046707.2046753},
 doi = {10.1145/2046707.2046753},
 acmid = {2046753},
 publisher = {ACM},
 address = {New York, NY, USA},
 keywords = {app store, attacks, awareness, cloud computing, privacy, secure shell, virtual machine images},
}

@INPROCEEDINGS{Ieee5175877, 
    author={N. Gruschka and L. L. Iacono}, 
    booktitle={2009 IEEE International Conference on Web Services}, 
    title={Vulnerable Cloud: SOAP Message Security Validation Revisited}, 
    year={2009}, 
    pages={625-631}, 
    keywords={Web services;formal specification;message authentication;program verification;software architecture;Elastic Compute Cloud services;SOAP message security validation;Web service;XML wrapping attack;service-oriented architecture paradigm;vulnerable Cloud;Cloud computing;Guidelines;Robustness;Security;Service oriented architecture;Simple object access protocol;Software systems;Web services;Wrapping;XML;Cloud Computing;Web Service Security;XML Wrapping Attack}, 
    doi={10.1109/ICWS.2009.70}, 
    month={July},}


@inproceedings{Ristenpart:2009:HYG:1653662.1653687,
     author = {Ristenpart, Thomas and Tromer, Eran and Shacham, Hovav and Savage, Stefan},
     title = {Hey, You, Get off of My Cloud: Exploring Information Leakage in Third-party Compute Clouds},
     booktitle = {Proceedings of the 16th ACM Conference on Computer and Communications Security},
     series = {CCS '09},
     year = {2009},
     isbn = {978-1-60558-894-0},
     location = {Chicago, Illinois, USA},
     pages = {199--212},
     numpages = {14},
     url = {http://doi.acm.org/10.1145/1653662.1653687},
     doi = {10.1145/1653662.1653687},
     acmid = {1653687},
     publisher = {ACM},
     address = {New York, NY, USA},
     keywords = {cloud computing, side channels, virtual machine security},
} 

@ARTICLE{Ieee6427814, 
    author={M. Green}, 
    journal={IEEE Security Privacy}, 
    title={The Threat in the Cloud}, 
    year={2013}, 
    volume={11}, 
    number={1}, 
    pages={86-89}, 
    keywords={cloud computing;cryptography;virtual machines;cloud computing security;cloud-based virtual machines;cryptographic services;Cloud computing;Computer security;Cryptography;Virtual machines;cloud computing;computer security;cryptography;side-channel attacks;virtual machines}, 
    doi={10.1109/MSP.2013.20}, 
    ISSN={1540-7993}, 
    month={Jan},}

@inproceedings{Liu:2010:NFD:1866835.1866849,
     author = {Liu, Huan},
      title = {A New Form of DOS Attack in a Cloud and Its Avoidance Mechanism},
       booktitle = {Proceedings of the 2010 ACM Workshop on Cloud Computing Security Workshop},
        series = {CCSW '10},
         year = {2010},
          isbn = {978-1-4503-0089-6},
           location = {Chicago, Illinois, USA},
            pages = {65--76},
             numpages = {12},
              url = {http://doi.acm.org/10.1145/1866835.1866849},
               doi = {10.1145/1866835.1866849},
                acmid = {1866849},
                 publisher = {ACM},
                  address = {New York, NY, USA},
                   keywords = {bandwidth estimation, dos attack},
} 


@INPROCEEDINGS{Ieee5958798, 
    author={F. Rocha and M. Correia}, 
    booktitle={2011 IEEE/IFIP 41st International Conference on Dependable Systems and Networks Workshops (DSN-W)}, 
    title={Lucy in the sky without diamonds: Stealing confidential data in the cloud}, 
    year={2011}, 
    pages={129-134}, 
    keywords={cloud computing;computer centres;cryptography;Lucy;cloud computing;confidential data stealing;cryptographic keys;data centers;data protection;malicious insider;medical records;passwords;pay-per-use model;resource elasticity;Cloud computing;Cryptography;Servers;Software;Virtual machine monitors;Virtual machining}, 
    doi={10.1109/DSNW.2011.5958798}, 
    ISSN={2325-6648}, 
    month={June},}

@inproceedings{Bleikertz:2013:CCC:2524523.2524526,
     author = {Bleikertz, S\"{o}ren and Bugiel, Sven and Ideler, Hugo and N\"{u}rnberger, Stefan and Sadeghi, Ahmad-Reza},
      title = {Client-controlled Cryptography-as-a-service in the Cloud},
       booktitle = {Proceedings of the 11th International Conference on Applied Cryptography and Network Security},
        series = {ACNS'13},
         year = {2013},
          isbn = {978-3-642-38979-5},
           location = {Banff, AB, Canada},
            pages = {19--36},
             numpages = {18},
              url = {http://dx.doi.org/10.1007/978-3-642-38980-1_2},
               doi = {10.1007/978-3-642-38980-1_2},
                acmid = {2524526},
                 publisher = {Springer-Verlag},
                  address = {Berlin, Heidelberg},
                  }

@ARTICLE{Ieee7134727, 
    author={S. De Capitani di Vimercati and S. Foresti and S. Paraboschi and G. Pelosi and P. Samarati}, 
    journal={IEEE Transactions on Cloud Computing}, 
    title={Three-server swapping for access confidentiality}, 
    year={2015}, 
    volume={PP}, 
    number={99}, 
    pages={1-1}, 
    keywords={Cloud computing;Data structures;Encryption;Indexes;Resource management;Servers;Shuffle index;access confidentiality;content confidentiality;distributed swapping;pattern confidentiality}, 
    doi={10.1109/TCC.2015.2449993}, 
    ISSN={2168-7161}, 
    month={},}

@ARTICLE{Ieee6681865, 
    author={S. De Capitani di Vimercati and S. Foresti and S. Jajodia and S. Paraboschi and P. Samarati}, 
    journal={IEEE Transactions on Cloud Computing}, 
    title={Integrity for join queries in the cloud}, 
    year={2013}, 
    volume={1}, 
    number={2}, 
    pages={187-200}, 
    keywords={cloud computing;query processing;security of data;cloud;data confidentiality;integrity protection guarantees;join queries integrity;query confidentiality;Cloud computing;Database systems;Encryption;Queueing analysis;Servers;Cloud;correctness and completeness;markers;query integrity;salts and buckets;twins}, 
    doi={10.1109/TCC.2013.18}, 
    ISSN={2168-7161}, 
    month={July},}

@INPROCEEDINGS{Ieee5542654, 
    author={S. A. Almulla and Chan Yeob Yeun}, 
    booktitle={2010 Second International Conference on Engineering System Management and Applications}, 
    title={Cloud computing security management}, 
    year={2010}, 
    pages={1-7}, 
    keywords={Internet;business data processing;security of data;IAM;IaaS;PaaS;SaaS;cloud computing security management;cloud horizon;identity and access management;information security;infrastructure as a service;platform as a service;software as a service;Cloud computing;Costs;Data security;Hardware;Identity management systems;Information security;Privacy;Productivity;Protocols;Software maintenance;Cloud Computing;Identity and Access Management;Privacy;Security}, 
    month={March},}

@inproceedings{pittir13526,
           booktitle = {45th Hawaii International Conference on System Sciences (HICSS-45)},
                      title = {Policy Management as a Service: An Approach to Manage Policy Heterogeneity in Cloud Computing Environment},
                                author = {Hassan Takabi and James B.D. Joshi},
                                       publisher = {IEEE},
                                                   year = {2012},
                                                              pages = {5500--5508},
                                                                           url = {http://d-scholarship.pitt.edu/13526/}
}

@inproceedings{Boampong:2012:DFS:2331762.2331767,
     author = {Boampong, Philogene A. and Wahsheh, Luay A.},
      title = {Different Facets of Security in the Cloud},
       booktitle = {Proceedings of the 15th Communications and Networking Simulation Symposium},
        series = {CNS '12},
         year = {2012},
          isbn = {978-1-61839-785-0},
           location = {Orlando, Florida},
            pages = {5:1--5:7},
             articleno = {5},
              numpages = {7},
               url = {http://dl.acm.org/citation.cfm?id=2331762.2331767},
                acmid = {2331767},
                 publisher = {Society for Computer Simulation International},
                  address = {San Diego, CA, USA},
                   keywords = {cloud security, security policy},
} 

@inproceedings{Krautheim:2009:PVI:1855533.1855538,
     author = {Krautheim, F. John},
      title = {Private Virtual Infrastructure for Cloud Computing},
       booktitle = {Proceedings of the 2009 Conference on Hot Topics in Cloud Computing},
        series = {HotCloud'09},
         year = {2009},
          location = {San Diego, California},
           articleno = {5},
            url = {http://dl.acm.org/citation.cfm?id=1855533.1855538},
             acmid = {1855538},
              publisher = {USENIX Association},
               address = {Berkeley, CA, USA},
} 

@inproceedings{Berger:2006:VVT:1267336.1267357,
     author = {Berger, Stefan and C\'{a}ceres, Ram\'{o}n and Goldman, Kenneth A. and Perez, Ronald and Sailer, Reiner and van Doorn, Leendert},
      title = {vTPM: Virtualizing the Trusted Platform Module},
       booktitle = {Proceedings of the 15th Conference on USENIX Security Symposium - Volume 15},
        series = {USENIX-SS'06},
         year = {2006},
          location = {Vancouver, B.C., Canada},
           articleno = {21},
            url = {http://dl.acm.org/citation.cfm?id=1267336.1267357},
             acmid = {1267357},
              publisher = {USENIX Association},
               address = {Berkeley, CA, USA},
} 

@Inbook{Velten2013,
    author="Velten, Michael
    and Stumpf, Frederic",
    editor="Kwon, Taekyoung
    and Lee, Mun-Kyu
    and Kwon, Daesung",
    title="Secure and Privacy-Aware Multiplexing of Hardware-Protected TPM Integrity Measurements among Virtual Machines",
    bookTitle="Information Security and Cryptology -- ICISC 2012: 15th International Conference, Seoul, Korea, November 28-30, 2012, Revised Selected Papers",
    year="2013",
    publisher="Springer Berlin Heidelberg",
    address="Berlin, Heidelberg",
    pages="324--336",
    isbn="978-3-642-37682-5",
    doi="10.1007/978-3-642-37682-5_23",
    url="http://dx.doi.org/10.1007/978-3-642-37682-5_23"
    }

@inbook{SzeferLee,
	title = {Hardware-Enhanced Security for Cloud},
	booktitle = {Secure Cloud Computing },
	year = {2014}, pages = {57-76}, publisher = {Springer}, address = {Berlin}, URL = {http://link.springer.com/chapter/10.1007%2F978-1-4614-9278-8_3}, author = {Jakub Szefer and Ruby B. Lee} }


@ARTICLE{RePEc:bla:corgov:v:14:y:2006:i:5:p:486-496,
    title = {"Comply or Explain": market discipline and non-compliance with the Combined Code},
    author = {MacNeil, Iain and Li, Xiao},
    year = {2006},
    journal = {Corporate Governance: An International Review},
    volume = {14},
    number = {5},
    pages = {486-496},
    url = {http://EconPapers.repec.org/RePEc:bla:corgov:v:14:y:2006:i:5:p:486-496}
}

@INPROCEEDINGS{Ieee5708500, 
    author={L. M. Riungu and O. Taipale and K. Smolander}, 
    booktitle={2010 IEEE Second International Conference on Cloud Computing Technology and Science}, 
    title={Research Issues for Software Testing in the Cloud}, 
    year={2010}, 
    pages={557-564}, 
    keywords={Web services;cloud computing;program testing;cloud computing;online services;qualitative grounded theory method;software organizations;software testing;Cloud computing;Computational modeling;NIST;Software;Software testing;cloud computing;research issues;softwate testing}, 
    doi={10.1109/CloudCom.2010.58}, 
    month={Nov},}


@INPROCEEDINGS{7745295, 
    author={Z. Chiba and N. Abghour and K. Moussaid and A. El Omri and M. Rida}, 
    booktitle={2016 International Conference on Engineering MIS (ICEMIS)}, 
    title={A survey of intrusion detection systems for cloud computing environment}, 
    year={2016}, 
    pages={1-13}, 
    keywords={cloud computing;data privacy;safety systems;security of data;CIO;Internet;chief information officers;cloud computing based IDS;cloud computing environment;cloud distributed nature;cloud open nature;compliance practices;computer system security;data privacy;data security;data storage services;data vulnerability;intrusion detection systems;network accessible Cloud resources;pay per usage model;Cloud computing;Computer crime;Firewalls (computing);Intrusion detection;Ports (Computers);Virtual machining;Anomaly;Cloud Security;Cloud computing;Hybrid;Intrusion Detection System;Signtaure}, 
    doi={10.1109/ICEMIS.2016.7745295}, 
    month={Sept},}


@INPROCEEDINGS{6681240, 
    author={M. Ficco and L. Tasquier and R. Aversa}, 
    booktitle={2013 Eighth International Conference on P2P, Parallel, Grid, Cloud and Internet Computing}, 
    title={Intrusion Detection in Cloud Computing}, 
    year={2013}, 
    pages={276-283}, 
    keywords={cloud computing;security of data;cloud computing;cloud providers;distributed architecture;distributed intrusion detection;event correlation analysis;hierarchical architecture;multilayer architecture;multiple distributed security components;security solutions;Cloud computing;Computer architecture;Engines;Intrusion detection;Monitoring;Probes;Cloud computing;distributed event correlation;intrusion detection}, 
    doi={10.1109/3PGCIC.2013.47}, 
    month={Oct},}


@INPROCEEDINGS{6684427, 
    author={N. S. Chauhan and A. Saxena and J. Murthy}, 
    booktitle={2013 IEEE International Conference on Cloud Computing in Emerging Markets (CCEM)}, 
    title={An Approach to Measure Security of Cloud Hosted Application}, 
    year={2013}, 
    pages={1-6}, 
    keywords={Web services;cloud computing;security of data;CSP;SLA;Web based service delivery;cloud customer;cloud hosted application security measurement approach;cloud service characteristics;cloud service providers;cloud technology related vulnerabilities;contracts;data security posture;security control status;Cascading style sheets;Engines;Indexes;Measurement;Probes;Security;Servers}, 
    doi={10.1109/CCEM.2013.6684427}, 
    month={Oct},}




@book{united2004information,
  title={Information Security: Agencies Need to Implement Consistent Processes in Authorizing Systems for Operation : Report to Congressional Requesters},
  author={United States. General Accounting Office},
  lccn={2004438392},
  url={https://books.google.it/books?id=jyTjnQAACAAJ},
  year={2004},
  publisher={U.S. General Accounting Office}
}

@article{fips2004199,
  author={FIPS, PUB},
  title={FIPS199 - Standards for Security Categorization of Federal Information and Information Systems},
  volume={2},
  year={2004}
}

@Online{nist2003nist,
  author={National Institute Of Standards},
  title={NIST SP 800-53 r4 - Recommended Security Controls for Federal Information Systems},
  year={2013},
  url={http://nvlpubs.nist.gov/nistpubs/SpecialPublications/NIST.SP.800-53r4.pdf}
}

@Online{nist80060,
  title={NIST SP 800-60 v2r1 - Guide for mapping types of information and information systems to security categories},
  author={National Institute Of Standards},
  url={http://nvlpubs.nist.gov/nistpubs/Legacy/SP/nistspecialpublication800-60v2r1.pdf},
  year={2003}
}

@Online{nist800160,
    title={NIST SP 800-160 - Considerations for a Multidisciplinary Approach in the Engineering of Trustworthy Secure Systems},
    author={National Institute Of Standards},
    url={http://nvlpubs.nist.gov/nistpubs/SpecialPublications/NIST.SP.800-160.pdf},
    year={2016}
}

@Online{nist80037,
    title={NIST SP 800-37 - Guide for Applying the Risk Management Framework to Federal Information Systems },
    author={National Institute Of Standards},
    url={http://csrc.nist.gov/publications/nistpubs/800-37-rev1/sp800-37-rev1-final.pdf},
    year={2010}
}

@Online{nist800137,
    TITLE={NIST SP 800-137 - Information Security Continuous
           Monitoring (ISCM) for Federal Information
           Systems and Organizations},
	author={National Institute Of Standards},
    url={http://nvlpubs.nist.gov/nistpubs/SpecialPublications/NIST.SP.800-160.pdf},
    year={2011}
}


@Online{understandingFedRAMP,
    title={Guide to Understanding FedRAMP, v2},
    author={FedRAMP},
    year=2014,
    url={https://s3.amazonaws.com/sitesusa/wp-content/uploads/sites/482/2015/03/Guide-to-Understanding-FedRAMP-v2.0-4.docx},
}

@Online{fedrampCompliantProducts,
    title={FedRAMP Compliance Status},
    author={FedRAMP},
    url={https://marketplace.fedramp.gov/#/products?status=Compliant\&sort=productName},
}


@Online{fedrampFramework,
    title={FedRAMP Security Assessment Framework},
    author={FedRAMP},
    url={https://s3.amazonaws.com/sitesusa/wp-content/uploads/sites/482/2015/01/FedRAMP-Security-Assessment-Framework-v2-1.pdf},
}

@Online{fedrampAcronyms,
    title={FedRAMP Acronyms and Glossary},
    author={FedRAMP},
    url={https://s3.amazonaws.com/sitesusa/wp-content/uploads/sites/482/2016/09/FedRAMP-Master-Acronyms-and-Glossary-2016-09-12-v01-02.pdf},
}

@Online{fedrampSCPreface,
    title={FedRAMP Security Controls Preface},
    author={FedRAMP},
    url={https://s3.amazonaws.com/sitesusa/wp-content/uploads/sites/482/2015/03/FedRAMP-Security-Controls-Preface-FINAL-1.pdf},
}


@Online{fedrampLowSC,
    title={FedRAMP HHH Low Baseline Security Controls},
    author={FedRAMP},
    url={https://s3.amazonaws.com/sitesusa/wp-content/uploads/sites/482/2016/07/FedRAMP-Low-HHH-Baseline-Controls-2016-05-18.xlsx},
}


@Online{fedrampModSC,
    title={FedRAMP HHH Moderate Baseline Security Controls},
    author={FedRAMP},
    url={https://s3.amazonaws.com/sitesusa/wp-content/uploads/sites/482/2016/07/FedRAMP-Moderate-HHH-Baseline-Controls-2016-05-18.xlsx},
}



@Online{fedrampAcronyms,
    title={FedRAMP Acronyms and Glossary},
    author={FedRAMP},
    url={https://s3.amazonaws.com/sitesusa/wp-content/uploads/sites/482/2016/09/FedRAMP-Master-Acronyms-and-Glossary-2016-09-12-v01-02.pdf},
}


@article{7036263, 
    author={L. Taylor}, 
    journal={IEEE Cloud Computing}, 
    title={FedRAMP: History and Future Direction}, 
    year={2014}, 
    volume={1}, 
    number={3}, 
    pages={10-14}, 
    keywords={authorisation;cloud computing;FedRAMP program;Federal Risk and Authorization Management Program;cloud security requirements;cloud service provider;Cloud computing;Government policies;NIST;Process control;Risk management;US Department of Defense;FedRAMP;cloud;cloud and government;federal cloud;security}, 
    doi={10.1109/MCC.2014.54}, 
    ISSN={2325-6095}, 
    month={Sept},}

@Online{MoonCloudWebsite,
    author={Moon Cloud},
    title={Moon Cloud Website},
    year={2017},
    url={https://www.moon-cloud.eu/}
}


@article{CitCommonCriteria,
      author= "Daniel Mellando, Eduardo Fernàndez-Medina, Mario Piattini",
      title = "A common criteria based security requirements engineering process for the development of secure information systems",
      year= "2006",
      journal = "Computer Standards \& Interfaces"
      }

@article{CertSoa,
      author= "Marco Anisetti, Claudio Ardagna, Ernesto Damiani",
      title = "A Test-Based Security Certification Scheme for Web Services",
      journal = "ACM Transactions on the Web (TWEB)",
      year= "2013"
      }

@article{CertEvolutiva,
    author = "Anisetti, M. and Ardagna, C. and Damiani, E.",
    title = "2012",
    year = "Low-Cost Security Certification Scheme for Evolving Services"
}
@inproceedings{DamianiCitCertSoa,
    author = "Damiani, E. and Mana, A.",
    title = "Toward WS-certificate",
    booktitle = "Proceedings of the ACM Workshop on SecureWeb Services",
    year = "2009"
}
    
@book{HerrmannCC,
    author = "Hermann, D. S",
    title = "Using the Common Criteria for IT Security Evaluation",
    year = "2002",
    publisher = "Auerbach Publications"
}

@book{CumulusBigDoc,
      author = "Damiani, E. et al.",
      title = "Cumulus. D2.3 Certification models v.2",
      year = "2014",
      publisher = "Seventh Framework Programme - CUMULUS FP7"
}

@Online{CommonCriteriaSans,
    title = "Applying the Common Criteria to the Certification Accreditation of Department of Defense Unclassified Information Technology Systems",
    url = "http://www.sans.org/reading-room/whitepapers/country/applying-common-criteria-certification-accreditation-department-defense-unclass-1171",
    year = "2003",
    author = "SANS Institute"
}

@Online{SyntegraCC,
    title = "Common Criteria - An introduction",
    url = "https://www.niap-ccevs.org/Documents_and_Guidance/cc_docs/cc_introduction-v2.pdf",
    author  = "Syntegra"
}
@Online{OrangeBook,
    author = "USA Department of Defence",
    title = "Department Of Defense Trusted Computer System Evaluation Criteria",
    year = "1985",
    url = "http://csrc.nist.gov/publications/secpubs/rainbow/std001.txt"
}

@book{DamianiSOACertificazioneFormale,
      author ="Damiani E. Ardagna C.A. El Ioini N.", 
      title = "Open Source System Security Certification",
      year = "2009",
      publisher="Springer"
      }
      
@article{Casati,
    author = "Ryu, S. and Casati, F. Skogsrud, H. and Betanallah, B. and Saint-Paul, R.",
    title = "Supporting the dynamic evolution of Web service protocols in service-oriented architectures",
    year = "2008",
    journal ="ACM Transactions on the Web, vol. 2, no. 2"
}

@article{AntoniaBertolino03,
        author = "Antonia Bertolino",
        title   = "Software Testing Research and Practice",
        journal = "ISTI-CNR, Area della Ricerca CNR di Pisa, Italia"
        }
@online{NISTCloud,
    author    = "National Institute of Standards and Technology (Peter Mell Timothy Grance)",
    title     = "The NIST Definition of Cloud Computing",
    url       = "http://csrc.nist.gov/publications/nistpubs/800-145/SP800-145.pdf"
}

@online{NISTMetriche,
    author    = "National Institute of Standarts and Technology",
    title     = "Cloud Computing Service Metrics Description",
    url       = "http://www.nist.gov/itl/cloud/upload/RATAX-CloudServiceMetricsDescription-DRAFT-20141111.pdf"
}

@online{NISTKeys,
    author    = "National Institute of Standarts and Technology",
    title     = "Recommendation for Key Management",
    url       = "http://csrc.nist.gov/groups/ST/toolkit/key_management.html"
}


@article{Cloud1,
      author= "Anisetti, M. and Ardagna, C. and Damiani, E. and Gaudenzi, F.",
      title = "A Certification Process for Cloud-based Services",
      journal = "Università degli studi di Milano",
      year = "2015"
      }

@article{CloudIncrementalCert,
      author= "Maria Krotsiani, George Spanoudakis, Khaled Mahbub",
      title = "Incremental Certification of Cloud Services",
      journal = "SECURWARE 2013 : The Seventh International Conference on Emerging Security Information, Systems and Technologies",
      year= "2013"
      }

@book{CumulusDoc,
      author = "ErnestoDamiani(UMIL),GeorgeSpanoudakis(CITY),Spyros
Katopodis (CITY), Khaled Mahbub(CITY), Maria Krotsiani (CITY),Stelvio Cimato (UMIL),Marco Anisetti (UMIL), Claudio Ardagna (UMIL), Francesco Zavatarelli (UMIL),Maria Rosa Vieira Alvarez (ATOS), Renato Menicocci (FUB), Alessandro Riccardi (FUB),Vittorio Bagini(FUB), Javier Espinar (UMA), AntonioMuñoz (UMA), Antonio Maña (UMA), Hristo Koshutanski (UMA)",
      title = "Cumulus. D2.3Certificationmodelsv.2",
      year = "2014",
      publisher = "Seventh Framework Programme"
      }

@misc(CSAssessmentSystemCG,
    author = "Chen, Xuexiu and Alibaba Group, Beijing and Chen, Chi and Tao, Yuan and Hu, Jiankun",
    title = "A Cloud Security Assessment System Based on Classifying and Grading",
    year = "2015",
    publisher = "IEEE",
    journal = "Cloud Computing, IEEE  (Volume:2 ,  Issue: 2 )"
}
@misc{iso29119,
      author = "Institute of Electrical and Electronics Engineers",
      title = "ISO/IEC/IEEE 29119",
      year = "2013"
      }
@misc{iso12207,
    author = "Institute of Electrical and Electronics Engineers",
    title = "ISO/IEC/IEEE 12207 - Systems  and  software  engineering - Software life cycle processes",
    year = "2008"
}
@misc{iso15288,
      author = "Institute of Electrical and Electronics Engineers",
      title = "ISO/IEC/IEEE 15288 - Systems  and  software  engineering - System life cycle processes",
      year = "2008"
}
@misc{iso25010,
      author = "",
      title = "ISO/IEC 25000/25010 - System and Software Quality Requirements and Evaluation",
      year = "2011"
      }
@misc{iso9000,
    title = "ISO/IEC 9000 - Sistemi di gestione per la qualità - Fondamenti e vocabolario",
    year = "2005"
}
@misc{iso9126,
      author = "",
      title = "ISO/IEC 9126 - Information Tecnology - Software product evaluation - Quality characteristics and guidelines for their use",
      year = "1991"
      }
@misc{iso9646,
    year= "1994",
    title = "Information technology -- Open Systems Interconnection -- Conformance testing methodology and framework"
}
@misc{itutz500,
    author = "ITU-T",
    title = "Rec Z.500: Framework on Formal Methods in Conformance Testing",
    year = "1997"
}
@misc{ieee1012,
      author = "Institute of Electrical and Electronics Engineers",
      title = "IEEE 1012",
      year = "1986"
      }
@misc{tretmans,
    title = "An Overview of OSI Conformance Testing",
    author = "J. Tretmans",
    year = "2001"
}
@misc{NistGlossary,
    title="IEEE Standard Glossary of Software Engineering Terminology",
    author = "Institute of Electrical and Electronics Engineers",
    year = "1990"
}


@misc{NistCAHandbook,
    title = "NCSC-TG-031 - Certification and Accreditation Process Handbook for Certifiers",
    author = "National Computer Security Center",
    year = "1996"
}
@misc{CloudSecurityIssues,
    title="Cloud Security Issues",
    author="Kandukuri, B.R. and Paturi V., R. and Rakshit, A.",
    publisher = "IEEE International Conference on Service Computing",
    year = "2009"
}
@article{NistEconomicImpact,
    title = "The Economic Impacts of Inadequate Infrastructure for Software Testing",
    author = "RTI Health, Social, and Economics Research",
    journal = "National Institute of Standards and Technology - Acquisition and Assistance Division",
    year = "2002"
}
@conference{OutsourcingCloud,
    title   =   "From outsourcing to Cloud computing: Evolution of IT services",
    author  =   "Dhar, S.",
    publisher = "IEEE",
    organization = "Technology Management Conference (ITMC), 2011 IEEE International ",
    
}



@conference{OutsourcingCloud2,
    title   =   "The Business Perspective of Cloud Computing: Actors, Roles and Value Networks",
    author  =   "Leimester, Stefanie and Bohm, Markus and Riedl, Christoph and Krcmar, Helmut ",
    publisher = "AISeL AIS Electronic Library",
    organization = "European Conference on Information Systems",
    year = "2010"
}

@book{GAST,
    title   = "Guide to Advanced Software Testing",
    author = "Anne Mette, Jonassen Hass",
    year = "2008",
    publisher = "Artech House, Norwood, MA"
}

@phdthesis{Gentry,
     author = {Craig Gentry},
     title = {A fully homomorphic encryption scheme},
     school = {Stanford University},
     year = 2009,
     note = {\url{crypto.stanford.edu/craig}}
}

@book{CloudSecurityBook,
    title = "Cloud Security and Privacy",
    author = "Mather, T. and Kumaraswamy, S. and Latif, S.",
    year = "2009",
    publisher = "O'Reilly Media Inc."
    }

@article{OutsourcingCloudDhardBalakrishnan,
    title   =   "S. Dhar and B. Balakrishnan",
    author  =   "Risks, Benefits and Challenges In Global IT Outsourcing: Perspectives and Practices",
    year    =   "2006",
    journal   =   "Journal of Global Information Management",
    volume  =   "14",
    pages   = "59-89"
}

@online{XieDissertation,
    title   = "Improving Effectiveness of Automated Software Testing in the Absence of Specifications",
    author  = "Tao Xie",
    publisher = "University of Washington",
    year    = "2005",
    url     = "http://web.engr.illinois.edu/~taoxie/publications/xie-dissertation.pdf"
}

@article(Panzl78,
    title   = "Automatic Software Test Drivers",
    journal = "Computer",
    author = "David J. Panzl",
    year = "1978"
    }
@article(DickFaivre93,
    title   = "Automating the generation and sequencing of test cases from model-based specifications",
    author  = "Dick, J. and Faivre, A.",
    publisher = "FME '93: Industrial-Strength Formal Methods",
    year    = "1993"
}
@article(disttest,
    title   = "A Formal Approach to Network/Distributed Systems Complex Testing",
    author  = "Andrey A. Shchurov, Radek Mařík, Vladimir A. Khlevnoy",
    publisher = "International Journal of Computer Trends and Technology (IJCTT) – Volume 22 Number 2",
    year    = "April 2015"
}
@article{disttestDelGado,
    title   = "Designing Modular Software Architectures for Next-Generation Heterogeneous Networked Test Systems.",
    author  = "S. Delgado",
    pulisher = "Autotestcon IEEE",
    year    = "April 2006"
}

@article{disttestWalterGrabowski1,
    title   =   "Test Architectures for Distributed Systems: State of the Art and Beyond",
    author  =   "T. Walter, I. Schieferdecker and J. Grabowski",
    year    =   "1998",
    publisher = "Testing Communicating Systems"
}

@article{disttestWalterGrabowski2,
    title   =   "Towards an Integrated Test Methodology for Advanced Communication Systems",
    author  =   "J. Grabowski and T. Walter",
    year    =   "1999",
    publisher = "Proceedings of the '16th International Conference and Exposition on Testing Computer Software (TCS'99)"
}



@article{disttestSoaTest1,
    title = "SOA  Test  Methodology - White Paper",
    author = "Torry  Harris  Business  Solutions",
    year = "2007"
}

@article{disttestSoaTest2,
    title = "CMU/SEI-2010-TR-011- Testing in Service Oriented Environments",
    author = "Carnegie Mellon Software Engineering Institute (SEI)",
    year = "2010"
}

@book{disttestJain,
    title = "The art of computer systems performance analysis: techniques for  experimental design, measurement, simulation, and  modeling",
    author = "Jain, R.K",
    publisher = "John Wiley \& Sons",
    year = "1991"
}


@misc{disttestITUTX1051,
    title = "ITU-T Rec  X.1051:  Information  technology - Security  techniques - Information  security  management  guidelines  for telecommunications organizations",
    year = "2008"
}

@misc{iso27001,
    author = "Institute of Electrical and Electronics Engineers",
    title = "ISO/IEC/IEEE 27001 - Information technology - Security Techniques - Information Security Management Systems Requirements Specification",
    year = "2013"
}

@misc{iso27002,
    author = "Institute of Electrical and Electronics Engineers",
    title = "ISO/IEC/IEEE 27002 - Information technology - Security Techniques - Code of practice for information security management",
    year = "2013"
}

@misc{iso27005,
    author = "Institute of Electrical and Electronics Engineers",
    title = "ISO/IEC/IEEE 27005 - Information technology - Security Techniques - Information security risk management",
    year = "2011"
}

@online{rfc3511,
    author  = "B. Hickman and D. Newman and S. Tadjudin and T. Martin",
    title   = "RFC3511 - Benchmarking Methodology for Firewall Performance",
    url     = "https://tools.ietf.org/html/rfc3511.txt",
    year    = "2003"
}
@online{rfc5180,
    author  = "C. Popoviciu and A. Hamza and  G. Van de Velde and D. Dugatkin",
    title   = "RFC5180 - IPv6 Benchmarking Methodology for Network Interconnect Devices",
    url     = "https://tools.ietf.org/html/rfc5180",
    year    = "2008"
}

@online{rfc2889,
    author  = "R. Mandeville and J. Perser",
    title   = "RFC2889 - Benchmarking Methodology for LAN Switching Devices",
    url     = "https://tools.ietf.org/html/rfc2889.txt",
    year    = "2000"
}

@online{rfc2544,
    author  = "S. Bradner and J. McQuaid",
    title   = "RFC2544 - Benchmarking Methodology",
    url     = "https://tools.ietf.org/html/rfc2544.txt",
    year    = "1999"
}

@online{rfc2889,
    author  = "R. Mandeville and J. Perser",
    title   = "RFC2889 - Benchmarking Methodology for LAN Switching Devices",
    url     = "https://tools.ietf.org/html/rfc2889.txt",
    year    = "2000"
}

@book {GrowthOfSwTesting,
    title = "The Growth of Software Testing",
    author = "Gelperin, D. and B. Hetzel",
    year = "1988",
}

@book {ArtOfSwTesting,
    title = "The Art of Software Testing",
    author = "Glenford J. Myers and Corey Sandler and Tom Badgett",
    year = "1979"
}
@online{PythonWebsite,
    title     = "Sito web di Python",
    url       = "http://www.python.org/about/"
}
@online{CeleryWebsite,
    title   = "Sito web di Celery",
    url     = "http://www.celeryproject.org"
}
@online{RabbitMQWebsite,
    title   = "Sito web di RabbitMQ",
    url     = "https://www.rabbitmq.com/features.html"
}
@online{RedisWebsite,
    title   = "Sito web di Redis",
    url     = "https://www.redis.io"
}
@online{TornadoWebsite,
    title   = "Sito web di Tornado",
    url     = "http://www.tornadoweb.org/en/stable/"
}
@online{RFC5246,
    author  = "T. Dierks and E. Rescorla",
    title   = "RFC5246 - The Transport Layer Security (TLS) Protocol - Version 1.2",
    url     = "https://tools.ietf.org/html/rfc5246"
}


@Online{OpenstackWhatIs,
    title = "What is Open Stack? - opensource.com",
    url = "http://opensource.com/resources/what-is-openstack"
}

@Online{OpenstackFoundation,
    title = "OpenStack Foundatin",
    url = "https://www.openstack.org/foundation/"
}

@Online{GuidelinesOpenstackHacking,
    title = "OpenStack Style Guidelines",
    url = "http://docs.openstack.org/developer/hacking/"
}

@Online{OpenstackDiagram,
    title = "OpenStack - The Open Source Cloud Operating System - Diagram",
    url = "http://www.openstack.org/software/"
}
@Online{OAuth,
    title = "OAuth 2.0 Framework",
    url = "http://www.oauth.net"
}
@Online{SAML,
    title = "SAML XML.org | Online community for the Security Assertion Markup Language (SAML) OASIS Standard",
    url = "http://saml.xml.org"
}

@Online{OpenID,
    title = "OpenID Foundation",
    url = "http://www.openid.net"
}

@Online{WebSocket,
    title = "WebSocket.org",
    url = "http://www.websocket.org"
}

@Online{SSO,
    title = "Introduzione al “Single Sign On”",
    url = "https://msdn.microsoft.com/it-it/library/cc185029.aspx"
}

@Online{OpenStackBlockEnc,
    url = "https://wiki.openstack.org/wiki/VolumeEncryption",
    title = "OpenStack documentation - Volume Encryption"
}

@Online{KeystoneConcepts,
    title = "OpenStack Identity concepts",
    url = "http://docs.openstack.org/admin-guide-cloud/content/keystone-concepts.html"
    }

@book{OpenStackSecurity,
    title  = "OpenStack Security Guide",
    author = "OpenStack Foundation",
    year = "2015"
}

@misc{CertOpenstack,
    title = "Toward Security and Performance Certification of OpenStack",
    author = "Anisetti, M. and Ardagna, C. and Damiani, E. and Gaudenzi, F. and Veca, R.",
    year = "2015"
}

@mastersthesis{RobertoVeca,
    title = "Un approccio basato sul test per la certificazione di proprietà non funzionali delle infrastrutture cloud",
    author = "Roberto Veca",
    school = "Università degli Studi di Milano",
    year = "2014"
}

@online{NeutronNova,
    title  = "Intro to OpenStack Quantum",
    author = "Dan Wendlandt",
    url = "http://www.slideshare.net/danwent/openstack-quantum-intro-os-meetup-32612"
}

@online{openstackarch,
    title  = "OpenStack Architecture",
    author = "OpenStack Foundation",
    url = "http://docs.openstack.org/havana/install-guide/install/apt/content/ch_overview.html"
}


@article{SpanoudakisDamiani,
    title = "Certifying Services in Cloud: The Case for a Hybrid, Incremental and Multi-Layer Approach",
    author = "Spanoudakis, G. and Damiani, E. and Mana, A.",
    year = "2012",
    publisher = "2012 IEEE 14th International Symposium on High-Assurance Systems Engineering"
}

@misc{Dempsey,
    author="Dempsey, K. et al.",
    title="Information Security Continuous Monitoring (ISCM) for Federal Systems and Organisations",
    publisher = "NIST 800-137",
    year = "2011"
}

@article{TrustModelCloudAnisDamArd,
    author="Anisetti, M. and Ardagna, C. and Damiani, E.",
    title = "A certification-based trust model for autonomic cloud computing systems",
    year = "2014",
    publisher = "Proc. of IEEE CAC 2014"
}

@article{Anisetti:2013:TSC:2460383.2460384,
     author = {Anisetti, Marco and Ardagna, Claudio A. and Damiani, Ernesto and Saonara, Francesco},
      title = {A Test-based Security Certification Scheme for Web Services},
       journal = {ACM Trans. Web},
        issue_date = {May 2013},
         volume = {7},
          number = {2},
           month = may,
            year = {2013},
             issn = {1559-1131},
              pages = {5:1--5:41},
               articleno = {5},
                numpages = {41},
                 url = {http://doi.acm.org/10.1145/2460383.2460384},
                  doi = {10.1145/2460383.2460384},
                   acmid = {2460384},
                    publisher = {ACM},
                     address = {New York, NY, USA},
                      keywords = {Model-based testing, security certification, service-oriented architecture, symbolic transition systems, web services},
}

@INPROCEEDINGS{5190685, 
    author={E. Damiani and N. E. Ioini and A. Sillitti and G. Succi}, 
    booktitle={2009 Congress on Services - I}, 
    title={WS-Certificate}, 
    year={2009}, 
    pages={637-644}, 
    keywords={Web services;certification;software architecture;WS certificate;Web services;service oriented architecture;third party certification;Availability;Certification;Geographic Information Systems;Monitoring;Quality of service;Security;Service oriented architecture;Standards development;Testing;Web services}, 
    doi={10.1109/SERVICES-I.2009.132}, 
    ISSN={2378-3818}, 
    month={July},}


@INPROCEEDINGS{6649614, 
    author={M. Anisetti and C. A. Ardagna and E. Damiani}, 
    booktitle={2013 IEEE 20th International Conference on Web Services}, 
    title={Security Certification of Composite Services: A Test-Based Approach}, 
    year={2013}, 
    pages={475-482}, 
    keywords={Web services;certification;program testing;security of data;BPEL;Business Process Execution Language;Web service security properties;atomic services;business processes;component services;composite services;security certification;test-based approach;Books;Business;Computational modeling;Indexes;Measurement;Security;Web services;BPEL;Model-based testing;Security certification;Service composition;Web services}, 
    doi={10.1109/ICWS.2013.70}, 
    month={June},}

@INPROCEEDINGS{6375614, 
    author={G. Spanoudakis and E. Damiani and A. Maña}, 
    booktitle={2012 IEEE 14th International Symposium on High-Assurance Systems Engineering}, 
    title={Certifying Services in Cloud: The Case for a Hybrid, Incremental and Multi-layer Approach}, 
    year={2012}, 
    pages={175-176}, 
    keywords={certification;cloud computing;program testing;theorem proving;trusted computing;CUMULUS infrastructure;cloud service certification;data monitoring;data testing;multilayer approach;trusted computing proof;Certification;Cloud computing;Clouds;Monitoring;Security;Testing;cloud certification;monitoring;testing;trusted computing}, 
    doi={10.1109/HASE.2012.16}, 
    ISSN={1530-2059}, 
    month={Oct},}
